@online{pairtree,
  author = {UC3},
  title = {{P}air{T}ree},
  year = 2011,
  url = {https://wiki.ucop.edu/display/Curation/PairTree},
  urldate = {2016-07-19}
}

@online{dataapi,
  author = {HTRC},
  title = {{HTRC} {D}ata {API} {U}ser {G}uide},
  year = 2015,
  url = {https://wiki.htrc.illinois.edu/display/COM/HTRC+Data+API+Users+Guide},
  urldate = {2016-07-19}
}